<?xml version="1.0" encoding="UTF-8"?><collection xmlns="http://www.loc.gov/MARC21/slim"><record><leader>00459nam--2200133-i-4500</leader><controlfield tag="001">000040823</controlfield><controlfield tag="002">20161230</controlfield><controlfield tag="005">20161230201042</controlfield><controlfield tag="008">060222s1000------------r-----000-0-eng-d</controlfield><datafield ind1=" " ind2=" " tag="080"><subfield code="a">621.381:681.3.02</subfield></datafield><datafield ind1=" " ind2=" " tag="100"><subfield code="a">Schwarz,A.F</subfield></datafield><datafield ind1=" " ind2=" " tag="245"><subfield code="a">Computer-aifed design of microelectronic circuits and systems. fundamentals. methods and tools. vol.1:digital-circuit aspects and state of the art</subfield></datafield><datafield ind1=" " ind2=" " tag="260"><subfield code="a">London, Academic Press, 1987. Xiv + /695-1430/P</subfield></datafield><datafield ind1=" " ind2=" " tag="852"><subfield code="a">74785</subfield></datafield></record></collection>